@misc{hernandez2019,
    author = "Antonio Hern√°ndez Bejarano",
    title = "Lwjglgamedev",
    url = "ahbejarano.gitbook.io/lwjglgamedev/",
}

@misc{devries2019,
    author = "Joey de Vries",
    title = "Learn OpenGL",
    url = "learnopengl.com/"
}

@misc{galloy2013,
    author = "Michael Galloy",
    title = "CPU vs GPU Performance.",
    url = "michaelgalloy.com/2013/06/11/cpu-vs-gpu-performance.html"
}

@misc{larkin2016,
    author = "Jeff Larkin",
    title = "GPU Fundamentals.",
    url = "www.icl.utk.edu/~luszczek/teaching/courses/fall2016/cosc462/pdf/GPU\_Fundamentals.pdf"
}

@misc{lwjgl,
    author = "lwjgl",
    title = "Lightweight Java Game Library",
    url = "www.lwjgl.org"
}

@misc{lwjglwiki,
    author = "lwjgl wiki",
    title = "Lwjgl Wiki",
    url = "github.com/LWJGL/lwjgl3-wiki/"
}

@misc{masserann2018,
    author = "Arnaud Masserann",
    title = "OpenGL Tutorial",
    url = "www.opengl-tutorial.org/"
}

@misc{mckesson2018,
    author = "Jason L. McKesson",
    title = "Learning Modern 3D Graphics Programming.",
    url = "paroj.github.io/gltut/"
}

@misc{openglwiki2018,
    author = "Khronos",
    title = "OpenGL Wiki",
    url = "www.khronos.org/opengl/wiki/Main\_Page"
}

@misc{overvoorde2019,
    author = "Alexander Overvoorde",
    title = "OpenGL Tutorial",
    url = "open.gl/"
}

@book{sellers2016,
    author = "Graham Sellers, et al.",
    title = "OpenGL Superbible: Comprehensive Tutorial and Reference",
    year = "2016",
    publisher = "Addison-Wesley"
}

@book{matsuda2013,
  author = "Kouichi Matsuda, Rodger Lea",
  title = "WebGL Programming Guide: Interactive 3D Graphics Programming with WebGL",
  year = "2013",
  publisher = "Addison-Wesley Professional"
}

@misc{dale1995,
   author = "Dale Rogerson",
   title = "OpenGL VII: Scratching the Surface of Texture Mapping",
   url = "http://web.agelid.com/protect/utile/documentation/OpenGL/OpenGL%207%20-%20Texture%20Mapping.htm"
}

@misc{hyperknot2012,
    author = "hyperknot",
    title = "How to draw one line on top of another in OpenGL without Z-fighting",
    url = "https://stackoverflow.com/questions/13708661/how-to-draw-one-line-on-top-of-another-in-opengl-without-z-fighting/13746597"
}

@misc{glumpy2019,
    author = "glumpy",
    title = "Rendering a cube",
    url = "https://glumpy.readthedocs.io/en/latest/tutorial/cube-ugly.html"
}
